2960 4472
616 401 740 474 Notas.

369 629 373 642 ,
443 581 546 633 edwi
563 582 654 631 utrium
670 583 819 648 quadratum

477 661 534 725 Quo
548 661 667 724 juvenum
684 677 787 712 examen

443 739 570 790 Confluxit
586 739 663 799 olim3
679 740 752 789 video
768 746 867 804 pratum

475 817 550 881 Quod
566 818 669 868 demum
685 819 748 882 tegit
764 833 872 882 gramen.

447 1096 595 1148 conscendo
612 1097 680 1146 orbis
697 1096 762 1146 illud
778 1097 862 1158 decus,

479 1174 583 1235 Bodleio
600 1174 740 1235 fundatore,

446 1253 495 1303 Sed
512 1253 578 1302 intus
593 1259 645 1302 erat
661 1252 758 1302 nullum
776 1268 851 1317 pecus

479 1331 591 1397 Excepto
605 1330 728 1394 janitore:

446 1473 582 1538 Neglectos
598 1472 651 1522 vidi
667 1473 745 1523 libros
762 1473 862 1534 multos,

480 1551 556 1616 Quod
572 1551 675 1600 minime
691 1551 840 1608 mirandum,

447 1629 515 1679 Num
531 1631 595 1679 inter
611 1629 702 1679 bardos
718 1635 757 1679 tot
773 1635 799 1679 et
815 1629 906 1680 stultos

479 1706 580 1759 There’s
596 1708 644 1758 few
659 1707 735 1758 could
750 1707 899 1759 understand
915 1708 991 1758 them.

447 1849 588 1900 Domenico
603 1854 719 1914 sequente
735 1848 776 1899 die

480 1927 523 1977 Ad
539 1942 609 1976 saera
625 1926 773 1978 celebranda

448 2005 490 2056 Ad
506 2004 579 2056 aedes
595 2020 703 2070 propero
720 2003 831 2065 Mariae3

480 2084 548 2133 Nam
565 2081 636 2134 divae
652 2098 701 2133 vox
718 2081 840 2166 nefauda3

446 2226 580 2289 lngraesus,
597 2224 667 2273 sedes
683 2223 821 2273 senioribus

479 2302 585 2368 Togutis
601 2301 737 2353 destinatus

447 2383 570 2432 Videbam
586 2382 653 2432 cocis
669 2387 694 2431 et
710 2380 843 2430 sutoribus

480 2461 514 2510 Et
530 2460 587 2510 lixis
603 2466 765 2524 usurpatas-

447 2739 589 2805 Collegium
606 2737 668 2802 petii
683 2737 830 2798 animarum,

481 2819 555 2868 Nunc
571 2815 669 2881 proprie
686 2815 722 2865 sio
738 2814 843 2875 dictum,

448 2899 516 2947 Nam
532 2911 613 2946 rerum
628 2895 670 2943 hic
687 2907 860 2958 corporeorum

481 2975 532 3024 Vix
547 2974 679 3040 quiequam
695 2979 732 3021 est
749 2970 884 3038 relictum„

449 3117 500 3166 Hic
516 3130 608 3181 quaero
623 3115 703 3166 virum
720 3113 842 3164 suavitate

480 3193 632 3244 omnimoda
648 3192 771 3256 politum;

449 3273 604 3336 Responsum
620 3269 681 3319 alibi
697 3271 793 3334 ingrate

482 3349 618 3400 Custodem
635 3349 790 3397 custoditum.

450 3494 587 3544 Ecclesiam
604 3491 697 3542 Christi
714 3505 802 3554 susque
819 3489 903 3558 deque·

481 3573 607 3637 Jactatum
623 3585 682 3619 mox
698 3577 722 3618 et
739 3583 834 3617 versam

450 3652 482 3701 Et
499 3649 612 3699 sobolem
629 3648 692 3698 heui
710 3647 784 3710 longe
800 3645 897 3711 lateque

483 3729 636 3793 Percipimus
652 3727 794 3791 dispersam.
